<record><leader>00000cas a22000007a 4500</leader><controlfield tag="001">39641060</controlfield><controlfield tag="008">980805d195919uudcumn ne      0    0eng d</controlfield><datafield ind1=" " ind2=" " tag="010"><subfield code="a">sn 98062553 </subfield></datafield><datafield ind1=" " ind2=" " tag="040"><subfield code="a">DCN</subfield><subfield code="b">eng</subfield><subfield code="c">DCN</subfield><subfield code="d">OCLCQ</subfield></datafield><datafield ind1=" " ind2=" " tag="042"><subfield code="a">msc</subfield></datafield><datafield ind1=" " ind2=" " tag="043"><subfield code="a">n-us-dc</subfield></datafield><datafield ind1="0" ind2="4" tag="245"><subfield code="a">The Upper Northeast news.</subfield></datafield><datafield ind1=" " ind2=" " tag="260"><subfield code="a">Washington, D.C. :</subfield><subfield code="b">Woodridge-Michigan Park Association</subfield></datafield><datafield ind1=" " ind2=" " tag="300"><subfield code="a">v.</subfield></datafield><datafield ind1=" " ind2=" " tag="310"><subfield code="a">Monthly</subfield></datafield><datafield ind1="1" ind2=" " tag="362"><subfield code="a">Began in 1959?</subfield></datafield><datafield ind1=" " ind2=" " tag="500"><subfield code="a">"Serving Brookland, Edgewood, Michigan Park, Woodridge, Lamond-Riggs."</subfield></datafield><datafield ind1=" " ind2=" " tag="500"><subfield code="a">Formerly Woodridge-Michigan Park News.</subfield></datafield><datafield ind1=" " ind2=" " tag="588"><subfield code="a">Description based on: Vol. 8, no. 9 (Mar. 1966).</subfield></datafield><datafield ind1=" " ind2=" " tag="588"><subfield code="a">Latest issue consulted: Vol. 14, no. 3 (July 1971).</subfield></datafield><datafield ind1=" " ind2="0" tag="651"><subfield code="a">Upper Northeast (Washington, D.C.)</subfield><subfield code="v">Newspapers.</subfield></datafield><datafield ind1=" " ind2="0" tag="651"><subfield code="a">Washington (D.C.)</subfield><subfield code="v">Newspapers.</subfield></datafield><datafield ind1=" " ind2="0" tag="650"><subfield code="a">Community newspapers</subfield><subfield code="z">Washington (D.C.)</subfield></datafield><datafield ind1="2" ind2=" " tag="710"><subfield code="a">Woodridge-Michigan Park Association.</subfield></datafield><datafield ind1=" " ind2=" " tag="752"><subfield code="a">United States</subfield><subfield code="b">District of Columbia</subfield><subfield code="d">Washington.</subfield></datafield><datafield ind1="1" ind2=" " tag="029"><subfield code="a">AU@</subfield><subfield code="b">000025926651</subfield></datafield></record>